
@InProceedings{Cohen:TPHOLs2009-23,
  author =       "Ernie Cohen and Markus Dahlweid and Mark Hillebrand
                 and Dirk Leinenbach and Micha{\l} Moskal and Thomas
                 Santen and Wolfram Schulte and Stephan Tobies",
  title =        "{VCC}: {A} Practical System for Verifying Concurrent
                 {C}",
  pages =        "23--42",
  ee =           "http://dx.doi.org/10.1007/978-3-642-03359-9_2",
  booktitle =    "Theorem Proving in Higher Order Logics (TPHOLs 2009)",
  year =         "2009",
  publisher =    "Springer",
  series =       "LNCS",
  volume =       "5674",
  note =         "Invited paper",
}


@TechReport{lci,
  author =       "Ernie Cohen and Micha{\l} Moskal and Wolfram Schulte and Stephan Tobies",
  title =        "Local Verification of Global Invariants in Concurrent Programs",
  month =        jan,
  year =         "2010",
  Institution =	 "Microsoft Research",
  Number =	 "MSR-TR-2010-9"
}


